@Misc{a,
	author={Marshall Kirk McCusick{,} George V Neville-Neil},
	title={Design and Implementation of the FreeBSD Operating System 2},
	url={http://ptgmedia.pearsoncmg.com/images/9780321968975/samplepages/9780321968975.pdf},
	publisher={Addison-Wesley}
} 
@Misc{b,
	author={Mark Russinovich{,} David Solomon{,} Alex Ionescu},
	title={Windows Internals, Part 1},
	url={http://materias.fi.uba.ar/7508/WI6/Windows%20Internals%20Part%201%20(6th%20Edition).pdf},
	publisher={Microsoft}
} 

@Misc{c,
	author={Mark Russinovich{,} David Solomon{,} Alex Ionescu},
	title={Windows Internals, Part 2},
	url={http://materias.fi.uba.ar/7508/WI6/Windows%20Internals%20Part%202_6th%20Edition.pdf},
	publisher={Microsoft}
}
 
@Misc{d,
	author={David A Rusling},
	title={Chapter 4 Processes},
	url={http://www.tldp.org/LDP/tlk/kernel/processes.html}
} 

@Misc{e,
	title={About Processes and Threads},
	url={https://msdn.microsoft.com/en-us/library/windows/desktop/ms681917(v=vs.85).aspx},
	publisher={Microsoft}
} 
