@online{r1,
 author = "StatCounter GlobalStats",
 title = "Mobile Operating System Market Share Worldwide",
 url = {http://gs.statcounter.com/os-market-share/mobile/worldwide}
}

@online{r2,
 author = "Pawel Halabuda",
 title = "Mobile Application Development: iOS vs Android vs Windows Phone",
 url={http://whallalabs.com/mobile-application-development-ios-vs-android-vs-windows-phone/}
}

@online {r3,
 author = "David Nield",
 title = "Android vs iOS: which is the best mobile OS?",
 url = {https://www.t3.com/news/android-vs-ios-showdown}
 }
 
 @online {r4,
 author = "Android Stuido",
 title = "UI Overview - User Interface Layout",
 url = {https://developer.android.com/guide/topics/ui/overview.html}
 }

 @online {r5,
 author = "React Native",
 title = "React Native",
 url = {https://facebook.github.io/react-native/docs/tutorial.html}
 }
 
  @online {r6,
 author = "Microsoft",
 title = "ASP.NET MVC Overview",
 url = {https://msdn.microsoft.com/en-us/library/dd381412(v=vs.108).aspx}
 }

@online {r7,
 author = "techstrikers",
 title = "PHP Advantages and Disadvantages",
 url = {http://www.techstrikers.com/PHP/php-advantages-disadvantages.php}
 }

 @online {r8,
 author = "jscripters",
 title = "Ajax Pros and Cons",
 url = {http://www.jscripters.com/ajax-disadvantages-and-advantages/}
 }

@online {r9,
 author = "Abdul Raheem",
 title = "Pros and Cons of ASP.NET Web Forms and ASP.NET MVC",
 url = {http://code-desk.com/web-development/pros-and-cons-of-asp-net-web-forms-and-asp-net-mvc.html}
 }
