@online{r1,
 author = "Adminer",
 title = "Adminer - Database management in a single PHP file",
 url = {https://www.adminer.org/en/phpmyadmin/}
}

@online{r2,
 author = "MyWebSQL",
 title = "MyWebSQL Web based Database Administration simplified",
 url={http://mywebsql.net/}
}

@online {r3,
 author = "phpMyAdmin",
 title = "phpMyAdmin Bringing MySQL to the web",
 url = {https://www.phpmyadmin.net/}
 }
 
 @online {r4,
 author = "Shalini",
 title = "Java App Development: Pros and Cons?",
 url = {http://www.raygain.com/java-app-development-pros-cons/}
 }

 @online {r5,
 author = "Apple Inc",
 title = "Introduction",
 url = {https://developer.apple.com/library/content/documentation/Cocoa/Conceptual/ProgrammingWithObjectiveC/Introduction/Introduction.html}
 }
 
  @online {r6,
 author = "Facebook",
 title = "React Native",
 url = {https://facebook.github.io/react-native/}
 }

@online {r7,
 author = "Jeff Rubin and Dana Chisnell",
 title = "Handbook of Usability Testing",
 url = {http://ccftp.scu.edu.cn:8090/Download/efa2417b-08ba-438a-b814-92db3dde0eb6.pdf}
 }
